%% This BibTeX bibliography file was created using BibDesk.
%% http://bibdesk.sourceforge.net/

%% Created for Leonardo Lanari at 2016-07-26 12:45:56 +0200 

%% Saved with string encoding Unicode (UTF-8) 

@string{hum = {IEEE-RAS Int. Conf. on Humanoid Robots}}

@string{icra = {{IEEE} Int. Conf. on Robotics and Automation}}

@string{ifacwc = {{IFAC} {W}orld {C}ongress}}

@string{ijra = {{IEEE} {J}ournal on {R}obotics and {A}utomation}}

@string{ijrr = {Int. J. of Robotics Research}}

@string{iros = {IEEE/RSJ Int. Conf. on Intelligent Robots and Systems}}

@string{rss = {Robotics: Science and Systems}}

@string{tac = {IEEE Trans. on Automatic Control}}

@string{tr = {IEEE Trans. on Robotics}}

@string{tra = {IEEE Trans. on Robotics and Automation}}

@string{tsmc = {IEEE Trans. on Systems, Man, and Cybernetics}}

@inproceedings{StAt:10, 
	author={B. J. Stephens and C. G. Atkeson}, 
	booktitle={10th IEEE-RAS International Conference on Humanoid Robots}, 
	title={Push Recovery by stepping for humanoid robots with force controlled joints}, 
	year={2010}, 
	pages={52-59}, 
	ISSN={2164-0572}}

@ARTICLE{EnOtAl:15, 
	author={J. Englsberger and C. Ott and A. Albu-Sch\"affer}, 
	journal={IEEE Transactions on Robotics}, 
	title={Three-Dimensional Bipedal Walking Control Based on Divergent Component of Motion}, 
	year={2015}, 
	volume={31}, 
	number={2}, 
	pages={355-368}, 
	ISSN={1552-3098}}

@inproceedings{CoDeLaOr:16,
	Author = {M. Cognetti and D. {De Simone} and L. Lanari and G. Oriolo},
	Booktitle = {2016 } # icra,
	Title = {Real-time planning and execution of evasive motions for a humanoid robot},
	Pages = {4200-4206},
	Year = {2016}}

@inproceedings{La:15,
	Author = {J. Lack},
	Booktitle = {Humanoid Robots (Humanoids), 2015 IEEE-RAS 15th International Conference on},
	Month = {Nov},
	Pages = {651-656},
	Title = {Integrating the effects of angular momentum and changing center of mass height in bipedal locomotion planning},
	Year = {2015}}

@inproceedings{VH:15,
	Author = {K. Van Heerden},
	Booktitle = {2015 IEEE Int. Conf. on Robotics and Automation},
	Month = {May},
	Pages = {6275-6280},
	Title = {Planning COM trajectory with variable height and foot position with reactive stepping for humanoid robots},
	Year = {2015}}

@inproceedings{FaPoAtIj:14,
	Author = {S. Faraji and S. Pouya and C. G. Atkeson and A. J. Ijspeert},
	Booktitle = {2014 IEEE Int.\ Conf.\ on Robotics and Automation},
	Pages = {1943-1950},
	Title = {Versatile and robust 3{D} walking with a simulated humanoid robot ({A}tlas): A model predictive control approach},
	Year = {2014}}

@inproceedings{HePeWi:10,
	Author = {A. Herdt and N. Perrin and P. B. Wieber},
	Booktitle = {2010 IEEE/RSJ Int.\ Conf.\ on Intelligent Robots and Systems},
	Issn = {2153-0858},
	Month = {},
	Pages = {190-195},
	Title = {Walking without thinking about it},
	Year = {2010}}

@inproceedings{Wi:08,
	Author = {P. B. Wieber},
	Booktitle = {2008 IEEE/RSJ Int.\ Conf.\ on Intelligent Robots and Systems},
	Pages = {1103-1108},
	Title = {Viability and predictive control for safe locomotion},
	Year = {2008}}

@inproceedings{EnOtAl:13,
	Author = {Englsberger, J. and Ott, C. and Albu-Schaffer, A},
	Booktitle = {Intelligent Robots and Systems (IROS), 2013 IEEE/RSJ International Conference on},
	Month = {Nov},
	Pages = {2600-2607},
	Title = {Three-dimensional bipedal walking control using Divergent Component of Motion},
	Year = {2013}}

@inproceedings{TaMaYo:09,
	Author = {Takenaka, T. and Matsumoto, T. and Yoshiike, T.},
	Booktitle = {Intelligent Robots and Systems, 2009. IROS 2009. IEEE/RSJ International Conference on},
	Pages = {1084-1091},
	Title = {Real time motion generation and control for biped robot -1st report: Walking gait pattern generation-},
	Year = {2009}}

@inproceedings{St:07,
	Author = {Stephens, B.},
	Booktitle = {Humanoid Robots, 2007 7th IEEE-RAS International Conference on},
	Pages = {589-595},
	Title = {Humanoid push recovery},
	Year = {2007}}

@inproceedings{PrCaDrGo:06,
	Author = {Pratt, J. and Carff, J. and Drakunov, S. and Goswami, A.},
	Booktitle = {6th IEEE-RAS Int.\ Conf.\ on Humanoid Robots},
	Pages = {200-207},
	Title = {Capture Point: A Step toward Humanoid Push Recovery},
	Year = {2006}}

@inproceedings{IbBiPa:14,
	Author = {A. Ibanez and P. Bidaud and V. Padois},
	Booktitle = {2014 IEEE/RSJ Int.\ Conf.\ on Intelligent Robots and Systems},
	Month = {},
	Pages = {4014-4021},
	Title = {{Emergence of humanoid walking behaviors from Mixed-integer Model Predictive Control}},
	Year = {2014}}

@inproceedings{KoDeTaToStBeMa:15,
	Author = {J. Koenemann and A. Del Prete and Y. Tassa and E. Todorov and O. Stasse and M. Bennewitz and N. Mansard},
	Booktitle = {Intelligent Robots and Systems (IROS), 2015 IEEE/RSJ International Conference on},
	Month = {Sept},
	Pages = {3346-3351},
	Title = {Whole-body model-predictive control applied to the HRP-2 humanoid},
	Year = {2015}}

@inproceedings{GrLe:16,
	Author = {R. J. Griffin and A. Leonessa},
	Booktitle = {2016 IEEE Int.\ Conf.\ on Robotics and Automation},
	Pages = {1763-1768},
	Title = {Model predictive control for dynamic footstep adjustment using the divergent component of motion},
	Year = {2016}}

@inproceedings{KrEnWiOt:12,
	Author = {Manuel Krause and Johannes Englsberger and Pierre-Brice Wieber and Christian Ott},
	Booktitle = {10th IFAC Symp.\ on Robot Control},
	Pages = {165-171},
	Title = {Stabilization of the Capture Point Dynamics for Bipedal Walking based on Model Predictive Control},
	Year = {2012}}

@article{NaKuStKiMoSo:17,
	Author = {M. Naveau and M. Kudruss and O. Stasse and C. Kirches and K. Mombaur and P. Sou{\`e}res},
	Journal = {IEEE Robotics and Automation Letters},
	Number = {1},
	Pages = {10-17},
	Title = {A Reactive Walking Pattern Generator Based on Nonlinear Model Predictive Control},
	Volume = {2},
	Year = {2017}}

@inproceedings{DiDiWiMoDi:08,
	Author = {H. Diedam and D. Dimitrov and P. B. Wieber and K. Mombaur and M. Diehl},
	Booktitle = "2008 " #iros,
	Month = {Sept},
	Pages = {1121-1126},
	Title = {{Online Walking Gait Generation with Adaptive Foot Positioning through Linear Model Predictive Control}},
	Year = {2008}}

@book{KaHiHaYo:14,
	Author = {Kajita, Shuuji and Hirukawa, Hirohisa and Harada, Kensuke and Yokoi, Kazuhito},
	Publisher = {Springer},
	Title = {Introduction to Humanoid Robotics},
	Year = {2014}}

@article{KoDeReGoPr:12,
	Author = {Koolen, Twan and de Boer, Tomas and Rebula, John and Goswami, Ambarish and Pratt, Jerry},
	Doi = {10.1177/0278364902021012002},
	Journal = ijrr,
	Number = {9},
	Pages = {1094-1113},
	Title = {Capturability-based analysis and control of legged locomotion, Part 1: Theory and application to three simple gait models},
	Volume = {31},
	Year = {2012},
	Bdsk-Url-1 = {http://dx.doi.org/10.1177/0278364902021012002}}

@inproceedings{Wi:06,
	Author = {Wieber, Pierre-Brice},
	Booktitle = {6th  } # hum,
	Pages = {137-142},
	Title = {Trajectory Free Linear Model Predictive Control for Stable Walking in the Presence of Strong Perturbations},
	Year = {2006}}

@inproceedings{LaHuMa:14,
	Author = {Lanari, Leonardo and Hutchinson, Seth and Marchionni, Luca},
	Booktitle = {14th  } # hum,
	Pages = {951-958},
	Title = {Boundedness issues in planning of locomotion trajectories for biped robots},
	Year = {2014}}

@inproceedings{LaHu:15,
	Author = {Lanari, Leonardo and Hutchinson, Seth},
	Booktitle = {2015  } # iros,
	Date-Modified = {2016-07-01 16:21:44 +0000},
	Pages = {637-642},
	Title = {Inversion-based gait generation for humanoid robots},
	Year = {2015}}

@article{LaRoZa:13,
	Author = {Lacevic, B. and Rocco, P. and Zanchettin, A.M.},
	Journal = {IEEE Transactions on Robotics},
	Number = {5},
	Pages = {1257-1270},
	Title = {Safety Assessment and Control of Robotic Manipulators Using Danger Field},
	Volume = {29},
	Year = {2013}}

@inproceedings{DeFl:12,
	Author = {De Luca, A. and Flacco, F.},
	Booktitle = {Biomedical Robotics and Biomechatronics (BioRob), 2012 4th IEEE RAS EMBS International Conference on},
	Pages = {288-295},
	Title = {Integrated control for pHRI: Collision avoidance, detection, reaction and collaboration},
	Year = {2012}}

@article{KrPaAlKi:13,
	Author = {Thibault Kruse and Amit Kumar Pandey and Rachid Alami and Alexandra Kirsch},
	Journal = {Robotics and Autonomous Systems},
	Number = {12},
	Pages = {1726 - 1743},
	Title = {Human-aware robot navigation: A survey},
	Volume = {61},
	Year = {2013}}

@article{NiKa:09,
	Author = {Nishiwaki, K. and Kagami, S},
	Journal = ijrr,
	Number = {6},
	Pages = {729-742},
	Title = {Online Walking Control System for Humanoids with Short Cycle Pattern Generation},
	Volume = {28},
	Year = {2009}}

@article{HeDiWiDiMoDi:10,
	Author = {Andrei Herdt and Holger Diedam and Pierre-Brice Wieber and Dimitar Dimitrov and Katja Mombaur and Moritz Diehl},
	Journal = {Advanced Robotics},
	Number = {5-6},
	Pages = {719-737},
	Title = {{Online Walking Motion Generation with Automatic Footstep Placement}},
	Volume = {24},
	Year = {2010}}

@article{KhBi:12,
	Author = {Khansari-Zadeh, Seyed Mohammad and Billard, Aude},
	Journal = {Autonomous Robots},
	Number = {4},
	Pages = {433-454},
	Title = {A dynamical system approach to realtime obstacle avoidance},
	Volume = {32},
	Year = {2012}}

@inproceedings{YoKa:11,
	Author = {Yoshida, E. and Kanehiro, F.},
	Booktitle = {2011 IEEE International Conference on Robotics and Automation},
	Pages = {5456-5462},
	Title = {Reactive robot motion using path replanning and deformation},
	Year = {2011}}

@inproceedings{Kh:85,
	Author = {Khatib, O.},
	Booktitle = {1985 IEEE International Conference on Robotics and Automation},
	Pages = {500-505},
	Title = {Real-time obstacle avoidance for manipulators and mobile robots},
	Volume = {2},
	Year = {1985}}

@inproceedings{MoHaKaKaSoYoMaYoLa:2009,
	Author = {Morisawa, M. and Harada, K. and Kajita, S. and Kaneko, K. and Sola, J. and Yoshida, E. and Mansard, N. and Yokoi, K. and Laumond, J.-P.},
	Booktitle = {2009 IEEE International Conference on Humanoid Robots},
	Pages = {528-534},
	Title = {Reactive stepping to prevent falling for humanoids},
	Year = {2009}}

@inproceedings{NiKa:11,
	Author = {Nishiwaki, K. and Kagami, S.},
	Booktitle = {2011 IEEE International Conference on Humanoid Robots},
	Pages = {745-751},
	Title = {Simultaneous planning of CoM and ZMP based on the preview control method for online walking control},
	Year = {2011}}

@inproceedings{CoMoOrVe:14,
	Author = {Cognetti, Marco and Mohammadi, Pouya and Oriolo, Giuseppe and Vendittelli, Marilena},
	Booktitle = {2014 } # iros,
	Pages = {4071-4076},
	Title = {Task-Oriented Whole-Body Planning for Humanoids based on Hybrid Motion Generation},
	Year = {2014}}


@article{MoTrLa:10,
	Author = {Mombaur, K. and Truong, A. and Laumond, J.-P.},
	Journal = {Autonomous Robots},
	Pages = {369--383},
	Title = {From human to humanoid locomotion -- an inverse optimal control approach},
	Volume = {28},
	Year = {2010}}

@inproceedings{TrFlPeMoLa:10,
	Author = {Truong, T.-V.-A. and Flavigne, D. and Pettre, J. and Mombaur, K. and Laumond, J.-P.},
	Booktitle = {3rd IEEE/RAS-EMBS International Conference on Biomedical Robotics and Biomechatronics},
	Pages = {632--637},
	Title = {Reactive synthesizing of human locomotion combining nonholonomic and holonomic behaviors},
	Year = {2010}}

@inproceedings{FaOrPaVe:13,
	Author = {A. Faragasso and G. Oriolo and A. Paolillo and M. Vendittelli},
	Booktitle = {2013 IEEE International Conference on Robotics and Automation},
	Pages = {3190--3195},
	Title = {Vision-based corridor navigation for humanoid robots},
	Year = {2013}}


@article{VaXi:08,
	Author = {John Vannoy and Jing Xiao},
	Journal = tr,
	Number = {5},
	Pages = {1199--1212},
	Title = {{R}eal-{T}ime {A}daptive {M}otion {P}lanning ({RAMP}) of {M}obile {M}anipulators in {D}ynamic {E}nvironments With {U}nforeseen {C}hanges},
	Volume = {24},
	Year = {2008}}


@inproceedings{CoMoOr:15,
	Author = {Cognetti, Marco and Mohammadi, Pouya and Oriolo, Giuseppe},
	Booktitle = {2015 } # hum,
	Title = {Humanoid Whole-Body Planning based on CoM Movement Primitives with an Application to Composite Tasks},
	Year = {submitted for publication}}


@article{BoKh:12,
	Author = {Bouyarmane, Karim and Kheddar, Abderrahmane},
	Journal = {Advanced Robotics},
	Number = {10},
	Pages = {1099-1126},
	Title = {Humanoid Robot Locomotion and Manipulation Step Planning},
	Volume = {26},
	Year = {2012}}

@article{DaElLaNaTaLa:13,
	Author = {Dalibard, S\'ebastien and El Khoury, Antonio and Lamiraux, Florent and Nakhaei, Alireza and Ta\"ix, Michel and Laumond, Jean-Paul},
	Journal = ijrr,
	Number = {9--10},
	Pages = {1089--1103},
	Title = {Dynamic walking and whole-body motion planning for humanoid robots: An integrated approach},
	Volume = {32},
	Year = {2013}}

@inproceedings{DaNaLaLa:10,
	Author = {Dalibard, S. and Nakhaei, A. and Lamiraux, F. and Laumond, J.},
	Booktitle = {2010 10th } # hum,
	Pages = {518 -523},
	Title = {Manipulation of documented objects by a walking humanoid robot},
	Year = {2010}}

@inproceedings{HaMoMiNaFuKaKa:08,
	Author = {Harada, K. and Morisawa, M. and Miura, K. and Nakaoka, S. and Fujiwara, K. and Kaneko, K. and Kajita, S.},
	Booktitle = {2008 } # iros,
	Pages = {1544--1550},
	Title = {Kinodynamic gait planning for full-body humanoid robots},
	Year = {2008}}


@inproceedings{KaKaKaFuHaYoHi:03,
	Author = {Kajita, S. and Kanehiro, F. and Kaneko, K. and Fujiwara, K. and Harada, K. and Yokoi, K. and Hirukawa, H.},
	Booktitle = {2003 } # icra,
	Pages = {1620--1626},
	Title = {Biped walking pattern generation by using preview control of zero-moment point},
	Year = {2003}}

@article{KaLaYo:11,
	Author = {Kanoun, Oussama and Laumond, Jean-Paul and Yoshida, Eiichi},
	Journal = ijrr,
	Number = {4},
	Pages = {476-485},
	Title = {Planning foot placements for a humanoid robot: A problem of inverse kinematics},
	Volume = {30},
	Year = {2011}}

@inproceedings{KaLaWiKaYoLa:09,
	Author = {Kanoun, Oussama and Lamiraux, Florent and Wieber, Pierre-Brice and Kanehiro, Fumio and Yoshida, Eiichi and Laumond, Jean-Paul},
	Booktitle = {2009 } # icra,
	Pages = {2939 -2944},
	Title = {Prioritizing linear equality and inequality systems: Application to local motion planning for redundant robots},
	Year = {2009}}

@article{KuKaNiInIn:02,
	Author = {Kuffner, James and Kagami, Satoshi and Nishiwaki, Koichi and Inaba, Masayuki and Inoue, Hirochika},
	Issue = {1},
	Journal = {Autonomous Robots},
	Pages = {105-118},
	Publisher = {Kluwer Academic Publishers},
	Title = {Dynamically-stable motion planning for humanoid robots},
	Volume = {12},
	Year = {2002}}

@inproceedings{KuLa:00,
	Author = {Kuffner, J. and LaValle, S.M.},
	Booktitle = {2000 } # icra,
	Pages = {995--1001},
	Title = {RRT-connect: An efficient approach to single-query path planning},
	Year = {2000}}

@inproceedings{KuNiKaInIn:01,
	Author = {Kuffner, J.J., Jr. and Nishiwaki, K. and Kagami, S. and Inaba, M. and Inoue, H.},
	Booktitle = {2001 } # iros,
	Pages = {500--505},
	Title = {Footstep planning among obstacles for biped robots},
	Year = {2001}}

@inproceedings{KuNiKaInIn:03,
	Author = {James Kuffner and Koichi Nishiwaki and Satoshi Kagami and Masayuki Inaba and Hirochika Inoue},
	Booktitle = {Proc. 11th Int. Symp. of Robotics Research (ISRR 2003)},
	Title = {Motion Planning for Humanoid Robots},
	Year = {2003}}


@inproceedings{PeLaSi:09,
	Author = {Pettr{\'e}, Julien and Laumond, Jean-Paul and Sim{\'e}on, Thierry},
	Booktitle = {2003 ACM SIGGRAPH/Eurographics Symposium on Computer Animation},
	Pages = {258--264},
	Title = {A 2-stages Locomotion Planner for Digital Actors},
	Year = {2003}}

@article{VuJu:69,
	Author = {Vukobratovic, Miomir and Juricic, Davor},
	Journal = {IEEE Transactions on Biomedical Engineering},
	Number = {1},
	Pages = {1--6},
	Title = {Contribution to the Synthesis of Biped Gait},
	Volume = {BME-16},
	Year = {1969}}

@inproceedings{YoBeEsLa:05,
	Author = {Yoshida, E. and Belousov, I. and Esteves, C. and Laumond, J-P},
	Booktitle = {2005 5th } # hum,
	Pages = {1-6},
	Title = {Humanoid motion planning for dynamic tasks},
	Year = {2005}}

@inproceedings{YoKaEsLa:06,
	Author = {Yoshida, E. and Kanoun, O. and Esteves, C. and Laumond, J.-P.},
	Booktitle = {2006 6th } # hum,
	Pages = {208--213},
	Title = {Task-driven support polygon reshaping for humanoids},
	Year = {2006}}

@inproceedings{CaKh:17,
	Author = {Caron, S. and Kheddar, A.},
	Booktitle = {2017 IEEE/RSJ Int.\ Conf.\ on Intelligent Robots and Systems},
	Title = {Dynamic walking over rough terrains by nonlinear predictive control of the floating-base inverted pendulum},
	Pages = {5017--5024},
	Year = {2017}}

@inproceedings{TeKu:07,
	title={Online gait planning with dynamical 3D-symmetrization method},
	author={Terada, Koji and Kuniyoshi, Yasuo},
	booktitle={7th IEEE-RAS Int. Conf. on Humanoid Robots},
	pages={222--227},
	year={2007}
}

@inproceedings{BrShCoDiWi:15,
	title={A robust linear MPC approach to online generation of 3D biped walking motion},
	author={Brasseur, Camille and Sherikov, Alexander and Collette, Cyrille and Dimitrov, Dimitar and Wieber, Pierre-Brice},
	booktitle={15th IEEE-RAS Int. Conf. on Humanoid Robots},
	pages={595--601},
	year={2015}
}

@inproceedings{ScCoDeLaOr:16,
	Author = {Scianca, Nicola and Cognetti, Marco and De Simone, Daniele and Lanari, Leonardo and Oriolo, Giuseppe},
	Booktitle = {16th IEEE-RAS Int. Conf. on Humanoid Robots},
	Pages = {601--606},
	Title = {Intrinsically stable {MPC} for humanoid gait generation},
	Year = {2016}}

@inproceedings{DeScFeLaOr:17,
	Author = {D. {De Simone} and N. Scianca and P. Ferrari and L. Lanari and G. Oriolo},
	Booktitle = {2017 } # iros,
	Title = {{MPC}-based humanoid pursuit-evasion in the presence of obstacles},
	Year = {2017}}

@inproceedings{AbScDeLaOr:17,
	Author = {Aboudonia, Ahmed and Scianca, Nicola and De Simone, Daniele and Lanari, Leonardo and Oriolo, Giuseppe},
	Booktitle = {17th IEEE-RAS Int. Conf. on Humanoid Robots},
	Title = {Humanoid gait generation for walk-to locomotion using single-stage {MPC}},
	Pages = {178--183},
	Year = {2017}}

@inproceedings{ScMoLaOr:17,
	Author = {Scianca, Nicola and Modugno, Valerio and Lanari, Leonardo and Oriolo, Giuseppe},
	Booktitle = {17th IEEE-RAS Int. Conf. on Humanoid Robots},
	Title = {Gait Generation via Intrinsically Stable {MPC} for a Multi-Mass Humanoid Model},
	Pages = {547--552},
	Year = {2017}}

@inproceedings{HoHoLe:14,
	Author = {Hopkins, Michael A and Hong, Dennis W and Leonessa, Alexander},
	Booktitle = {14th IEEE-RAS Int. Conf. on Humanoid Robots},
	Title = {Humanoid locomotion on uneven terrain using the time-varying divergent component of motion},
	Pages = {266--272},
	Year = {2014}}

@inproceedings{KaWaKaKaYo:15,
	Author = {Kamioka, T. and Watabe, T. and Kanazawa, M. and Kaneko, H. and Yoshike, T.},
	Booktitle = {2015 IEEE/RSJ Int. Conf. on Intelligent Robots and Systems},
	Title = {Dynamic gait transition between bipedal and quadrupedal locomotion},
	Pages = {2195--2201},
	Year = {2015}}

@phdthesis{He:12,
	Author = {Herdt, A.},
	School = {Ecole Nationale Sup\'erieure des Mines de Paris},
	Title = {Model predictive control of a humanoid robot},
	Year = {2012}}

@inproceedings{KaTa:91,
	Author = {Kajita, S. and Tani, K.},
	Booktitle = {1991 IEEE Int. Conf. on Robotics and Automation},
	Pages = {1405--1411},
	Title = {Study of dynamic biped locomotion on rugged terrain-derivation and application of the linear inverted pendulum mode},
	Year = {1991}}

@article{CaEdLaMa:18,
	author    = {St{\'{e}}phane Caron and
	Adrien Escande and
	Leonardo Lanari and
	Bastien Mallein},
	title     = {Capturability-based Pattern Generation for Walking with Variable Height},
	  journal={IEEE Transactions on Robotics},
    volume={36},
    number={2},
    pages={517--536},
    year={2019}
}

@inproceedings{LuCgShGuCh:13,
	Author = {Luo, Sen C and Chang, Peng Hsi and Sheng, Jun and Gu, Shao Cheng and Chen, Chun Hung},
	Booktitle = {13th IEEE-RAS Int. Conf. on Humanoid Robots},
	Title = {Arbitrary biped robot foot gaiting based on variate {CoM} height},
	Pages = {534--539},
	Year = {2013}}

@inproceedings{TaMaYoSh:09,
	Author = {Takenaka, T. and Matsumoto, T. and Yoshiike, T. and Shirokura, S.},
	Booktitle = {2009 IEEE/RSJ Int. Conf. on Intelligent Robots and Systems},
	Pages = {1092-1099},
	Title = {Real time motion generation and control for biped robot - 2nd report: running gait pattern generation},
	Year = {2009}}

@article{Dai_Humanoids2014,
    title={{Whole-body Motion Planning with Centroidal Dynamics and Full Kinematics}},
    author={Hongkai Dai and Andres K. Valenzuela and Russ Tedrake},
    journal={2014 IEEE-RAS International Conference on Humanoid Robots},
    year={2014},
    pages={295-302}
}

% SYROCO18 (variable height)

@article{ZaScLaOr:18,
	Author = {Zamparelli, Alessio and Scianca, Nicola and Lanari, Leonardo and Oriolo, Giuseppe},
	Issue = {22},
	Journal = {IFAC-PapersOnLine},
	Pages = {393-398},
	Publisher = {Elsevier},
	Title = {Humanoid Gait Generation on Uneven Ground using Intrinsically Stable {MPC}},
	Volume = {51},
	Year = {2018}}

% ECC19

@inproceedings{FeScLaOr:19,
    author    = {Paolo Ferrari and
                 Nicola Scianca and
                 Leonardo Lanari and
                 Giuseppe Oriolo},
    title     = {An Integrated Motion Planner/Controller for Humanoid Robots on Uneven
                 Ground},
    booktitle = {18th European Control Conference},
    pages     = {1598--1603},
    year      = {2019}
}

% FOOTSTEP PLANNING PAPERS

@article{Bretl_IJRR2006,
    author = {Timothy Bretl},
    title ={{Motion Planning of Multi-Limbed Robots Subject to Equilibrium Constraints: The Free-Climbing Robot Problem}},
    journal = ijrr, 
    pages = {317-342},
    year = {2006}
}

@inproceedings{XiChXiZhCh:09,
	Author={Xia, Zeyang and Chen, Guodong and Xiong, Jing and Zhao, Qunfei and Chen, Ken},
	Booktitle={2009 IEEE/ASME Int. Conf. on Advanced Intelligent Mechatronics},
	Pages={168--173},
	Title={{A Random Sampling-based Approach to Goal-directed Footstep Planning for Humanoid Robots}},
	Year={2009},
}

@inproceedings{HoDoLiBe:12,
	Author={Hornung, Armin and Dornbush, Andrew and Likhachev, Maxim and Bennewitz, Maren},
	Booktitle = {2012 } # hum,
	Title={{Anytime Search-Based Footstep Planning with Suboptimality Bounds}},
	Pages={674--679},
	Year={2012},
}

@article{PeStBaLaYo:12,
	Author={Perrin, Nicolas and Stasse, Olivier and Baudouin, L{\'e}o and Lamiraux, Florent and Yoshida, Eiichi},
	Journal={IEEE Transactions on Robotics},
	Number={2},
	Pages={427--439},
	Title={Fast humanoid robot collision-free footstep planning using swept volume approximations},
	Volume={28},
	Year={2012},
}

@inproceedings{DeTe:14,
	Author={Deits, Robin and Tedrake, Russ},
	Booktitle = {2014 } # hum,
	Title={Footstep planning on uneven terrain with mixed-integer convex optimization},
	Pages={279--286},
	Year={2014},
}

@inproceedings{ChLaChKuHoKa:05,
	Author={Chestnutt, Joel and Lau, Manfred and Cheung, German and Kuffner, James and Hodgins, Jessica and Kanade, Takeo},
	Booktitle = {2005 } # icra,
	Title={{Footstep Planning for the Honda ASIMO Humanoid}},
	Pages={629--634},
	Year={2005},
}

@incollection{BuHeBe:16,
	title={{World Modeling}},
	author={Burgard, Wolfram and Hebert, Martial and Bennewitz, Maren},
	booktitle={Springer handbook of robotics},
	pages={1135--1152},
	year={2016},
	publisher={Springer},
}

@ARTICLE{Hong_2011TSMC,
    author={Hong, Young-Dae and Kim, Ye-Hoon and Han, Ji-Hyeong and Yoo, Jeong-Ki and Kim, Jong-Hwan}, 
    journal={IEEE Transactions on Systems, Man, and Cybernetics, Part C (Applications and Reviews)},  
    title={{Evolutionary Multiobjective Footstep Planning for Humanoid Robots}},
    year={2011},
    volume={41},
    number={4},
    pages={520-532}
}

@INPROCEEDINGS{Karkowski_Humanoids2016,
    author={Karkowski, Philipp and Oßwald, Stefan and Bennewitz, Maren},
    booktitle="2016 " #hum,  
    title={{Real-time footstep planning in 3D environments}},
    year={2016},
    pages={69-74}
}

@INPROCEEDINGS{Kanoulas_ICRA2018, 
    author={Kanoulas, Dimitrios and Stumpf, Alexander and Raghavan, Vignesh Sushrutha and Zhou, Chengxu and Toumpa, Alexia and Von Stryk, Oskar and Caldwell, Darwin G. and Tsagarakis, Nikos G.},
    booktitle={2018 } #icra,
    title={{Footstep Planning in Rough Terrain for Bipedal Robots Using Curved Contact Patches}},
    year={2018},
    pages={4662-4669}
}

@article{Song_RAL2021,
    title={{Solving Footstep Planning as a Feasibility Problem Using L1-Norm Minimization}},
    author={Daeun Song and Pierre Fernbach and Thomas Flayols and Andrea Del Prete and Nicolas Mansard and Steve Tonneau and Young J. Kim},
    journal={IEEE Robotics and Automation Letters},
    year={2021},
    volume={6},
    pages={5961-5968}
}

@article{Stumpf_ICRA2016,
    title={Open source integrated 3D footstep planning framework for humanoid robots},
    author={Alexander Stumpf and Stefan Kohlbrecher and David C. Conner and Oskar von Stryk},
    journal={2016 } #icra,
    year={2016},
    pages={938-945}
}

@INPROCEEDINGS{Garimort_ICRA2011,
    author={Garimort, Johannes and Hornung, Armin and Bennewitz, Maren},
    booktitle="2011 " #icra,
    title={{Humanoid Navigation with Dynamic Footstep Plans}},
    year={2011},
    pages={3982-3987}
}

@INPROCEEDINGS{Griffin_ICRA2019,
    author={Griffin, Robert J. and Wiedebach, Georg and McCrory, Stephen and Bertrand, Sylvain and Lee, Inho and Pratt, Jerry},
    booktitle="2019 "#icra,  
    title={{Footstep Planning for Autonomous Walking Over Rough Terrain}},
    year={2019},
    pages={9-16}
}

@article{Kasadei2021SNAS,
  title={A modular framework to generate robust biped locomotion: from planning to control},
  author={Kasaei, Mohammadreza and Ahmadi, Ali and Lau, Nuno and Pereira, Artur},
  journal={SN Applied Sciences},
  volume={3},
  pages={1--18},
  year={2021},
  publisher={Springer}
}

@INPROCEEDINGS{Liu_IROS2012,
    author={Liu, Hong and Sun, Qing and Zhang, Tianwei},
    booktitle="2012 " #iros,
    title={{Hierarchical RRT for Humanoid Robot Footstep Planning with Multiple Constraints in Complex Environments}},
    year={2012},
    pages={3187-3194}
}

@article{KaFr:11,
    author = {Sertac Karaman and Emilio Frazzoli},
    title ={Sampling-based algorithms for optimal motion planning},
    journal = ijrr,
    volume = {30},
    number = {7},
    pages = {846-894},
    year = {2011},
}

@article{Yershova2007ImprovingMotionPlanning,
    title={Improving motion-planning algorithms by efficient nearest-neighbor searching},
    author={Yershova, Anna and LaValle, Steven M},
    journal={IEEE Transactions on Robotics},
    volume={23},
    number={1},
    pages={151--157},
    year={2007},
    publisher={IEEE}
}



% Mapping papers:

@article{FaBlHu:18,
    author = {Fankhauser, P{\'{e}}ter and Bloesch, Michael and Hutter, Marco},
    doi = {10.1109/LRA.2018.2849506},
    title = {{Probabilistic Terrain Mapping for Mobile Robots with Uncertain Localization}},
    journal = {IEEE Robotics and Automation Letters},
    volume = {3},
    number = {4},
    pages = {3019--3026},
    year = {2018}
}

@article{ScDeLaOr:20,
    author = {Nicola Scianca and Daniele {De Simone} and Leonardo Lanari and Giuseppe Oriolo},
    title = {{MPC} for Humanoid Gait Generation: Stability and Feasibility},
    journal = {IEEE Transactions on Robotics},
    year = {2020},
    volume = {36},
    pages = {1171--1178},
    number = {4}
}

% SLAM papers:
@article{LaMi:19,
    author = {Labbé, Mathieu and Michaud, François},
    title = {{RTAB-Map as an open-source lidar and visual simultaneous localization and mapping library for large-scale and long-term online operation}},
    journal = {Journal of Field Robotics},
    volume = {36},
    number = {2},
    pages = {416-446},
    year = {2019}
}

@inproceedings{SuImYaCa:2021,
    title={{3D biped locomotion control including seamless transition between walking and running via 3D ZMP manipulation}},
    author={Sugihara, Tomomichi and Imanishi, Kenta and Yamamoto, Takanobu and Caron, St{\'e}phane},
    booktitle={2021 } #icra,
    pages={6258--6263},
    year={2021}
}

@incollection{ChHuCo:16,
    title={Visual servoing},
    author={Chaumette, Fran{\c{c}}ois and Hutchinson, Seth and Corke, Peter}, 
    booktitle={Springer Handbook of Robotics},
    pages={841--866},
    year={2016},
    publisher={Springer}
}

% PF sensor-based papers
@inproceedings{Michel_HUM2005,
	title={Vision-guided humanoid footstep planning for dynamic environments},
	author={Michel, Philipp and Chestnutt, Joel and Kuffner, James and Kanade, Takeo},
	booktitle="2005 "#hum,
	pages={13--18},
	year={2005}
}

@inproceedings{Baudouin_HUM2011,
	title={Real-time replanning using 3d environment for humanoid robot},
	author={Baudouin, L{\'e}o and Perrin, Nicolas and Moulard, Thomas and Lamiraux, Florent and Stasse, Olivier and Yoshida, Eiichi},
	booktitle="2011 "#hum,
	pages={584--589},
	year={2011}
}

@inproceedings{Okada_ICRA2005,
	title={{Autonomous 3D walking system for a humanoid robot based on visual step recognition and 3D foot step planner}},
	author={Okada, Kei and Ogura, Takashi and Haneda, Atsushi and Inaba, Masayuki},
	booktitle="2005 "#icra,
	pages={623--628},
	year={2005}
}

@inproceedings{Chestnutt_IROS2009,
	title={Biped navigation in rough environments using on-board sensing},
	author={Chestnutt, Joel and Takaoka, Yutaka and Suga, Keisuke and Nishiwaki, Koichi and Kuffner, James and Kagami, Satoshi},
	booktitle="2009 "#iros,
	pages={3543--3548},
	year={2009}
}

@article{Escande_SoT2014,
author = {Adrien Escande and Nicolas Mansard and Pierre-Brice Wieber},
title ={Hierarchical quadratic programming: Fast online humanoid-robot motion generation},
journal = {Int. J. of Robotics Research},
volume = {33},
number = {7},
pages = {1006--1028},
year = {2014}
}


@inproceedings{Fallon_HUM2015,
    title = {Continuous humanoid locomotion over uneven terrain using stereo fusion},
    author = {Fallon, Maurice F. and Marion, Pat and Deits, Robin and Whelan, Thomas}, 	
    booktitle="2015 "#hum,
    pages = {881-888},
    year={2015}
}

@inproceedings{Maier_IROS2013,
	title={Integrated perception, mapping, and footstep planning for humanoid navigation among 3d obstacles},
	author={Maier, Daniel and Lutz, Christian and Bennewitz, Maren},
	booktitle="2013 "#iros,
	pages={2658--2664},
	year={2013}
}

@inproceedings{Stumpf_HUM2014,
    title={Supervised footstep planning for humanoid robots in rough terrain tasks using a black box walking controller},
    author={Stumpf, Alexander and Kohlbrecher, Stefan and Conner, David C and von Stryk, Oskar},
    booktitle="2014 "#hum,
    pages={287--294},
    year={2014}
}

@inproceedings{Karkowski_ICRA2016,
    title={Real-time footstep planning using a geometric approach},
    author={Karkowski, Philipp and Bennewitz, Maren},
    booktitle="2016 "#icra,
    pages={1782--1787},
    year={2016}
}

@INPROCEEDINGS{Karkowski_HUM2016,
    title={{Real-time footstep planning in 3D environments}},
    author={Karkowski, Philipp and Oßwald, Stefan and Bennewitz, Maren},
    booktitle="2016 "#hum,   
    pages={69--74},
    year={2016} 
}

@article{Yamamoto_AdvR2021,
    title={Responsive navigation of a biped robot that takes into account terrain, foot-reachability and capturability},
    author={Yamamoto, Takanobu and Sugihara, Tomomichi},
    journal={Advanced Robotics},
    volume={35},
    number={8},
    pages={516--530},
    year={2021}
}
 
@inproceedings{Villareal_ICRA2020,
  author    = {Octavio Villarreal and
               Victor Barasuol and
               Patrick M. Wensing and
               Darwin G. Caldwell and
               Claudio Semini},
  title     = {MPC-based Controller with Terrain Insight for Dynamic Legged Locomotion},
  booktitle = "2020 "#icra,
  pages     = {2436--2442},
  year      = {2020},
}
 
@inproceedings{Wermelinger_IROS2016,
    title={Navigation planning for legged robots in challenging terrain},
    author={Wermelinger, Martin and Fankhauser, Péter and Diethelm, Remo and Krüsi, Philipp and Siegwart, Roland and Hutter, Marco},
    booktitle="2016 "#iros,   
    pages={1184-1189},
    year={2016}
}

@article{Nishiwaki_IJRR2012,
	title={Autonomous navigation of a humanoid robot over unknown rough terrain using a laser range sensor},
	author={Nishiwaki, Koichi and Chestnutt, Joel and Kagami, Satoshi},
	journal=ijrr,
	volume={31},
	number={11},
	pages={1251--1262},
	year={2012}
}

@article{Hildebrandt_AuRo2019,
    title = {{Versatile and Robust Bipedal Walking in Unknown Environments: Real-Time Collision Avoidance and Disturbance Rejection}},
    author = {Hildebrandt, Arne-Christoph and Wittmann, Robert and Sygulla, Felix and Wahrmann, Daniel and Rixen, Daniel and Buschmann, Thomas},
    journal = {Autonomous Robots},
    volume = {43},
    number = {8},
    pages = {1957–1976},
    year = {2019}
}

@article{Herdt_AdvR2010,
    title={Online walking motion generation with automatic footstep placement},
    author={Herdt, Andrei and Diedam, Holger and Wieber, Pierre-Brice and Dimitrov, Dimitar and Mombaur, Katja and Diehl, Moritz},
    journal={Advanced Robotics},
    volume={24},
    number={5-6},
    pages={719--737},
    year={2010},
    publisher={Taylor \& Francis}
}

@inproceedings{Dai_HUM2014,
    title={Whole-body motion planning with centroidal dynamics and full kinematics},
    author={Dai, Hongkai and Valenzuela, Andr{\'e}s and Tedrake, Russ},
    booktitle="2014 "#hum,
    pages={295--302},
    year={2014},
}

@article{Xia_TME2011,
  title={Global navigation for humanoid robots using sampling-based footstep planners},
  author={Xia, Zeyang and Xiong, Jing and Chen, Ken},
  journal={IEEE/ASME Transactions on mechatronics},
  volume={16},
  number={4},
  pages={716--723},
  year={2011},
  publisher={IEEE}
}

@article{Jenelten_RAL2020,
  title={Perceptive Locomotion in Rough Terrain – Online Foothold Optimization},
  author={Jenelten, Fabian and Miki, Takahiro and Vijayan, Aravind E and Bjelonic, Marko and Hutter, Marco},
  journal={IEEE Robotics and Automation Letters}, 
  year={2020},
  volume={5},
  number={4},
  pages={5370-5376}
}

@article{Smaldone2022Running,
  title={From Walking to Running: {3D} Humanoid Gait Generation via {MPC}},
  author={Smaldone, Filippo M and Scianca, Nicola and Lanari, Leonardo and Oriolo, Giuseppe},
  journal={Frontiers in Robotics and AI},
  volume={9},
  year={2022}
}

@article{Rabbat1985Friction,
  title={Friction Coefficient of Steel on Concrete or Grout},
  author={Basile G. Rabbat and Henry G. Russell},
  journal={Journal of Structural Engineering},
  year={1985},
  volume={111},
  pages={505-515}
}

@article{Maximo2020,
author = {Maximo, Marcos R. O. A. and Afonso, Rubens J. M.},
title = {Mixed-integer quadratic programming for automatic walking footstep placement, duration, and rotation},
journal = {Optimal Control Applications and Methods},
volume = {41},
number = {6},
pages = {1928-1963},
year = {2020}
}

@INPROCEEDINGS{Bohorquez2017,
author={Bohórquez, Néstor and Wieber, Pierre-Brice},
booktitle={17th } #hum,
title={Adaptive step duration in biped walking: A robust approach to nonlinear constraints},
year={2017},
volume={},
number={},
pages={724-729}}

@inproceedings{Caron2017,
  title = {When to make a step? Tackling the timing problem in multi-contact locomotion by TOPP-MPC},
  author = {Caron, St{\'e}phane and Pham, Quang-Cuong},
  booktitle={17th } #hum,
  year = {2017},
  pages={522-528}
}

@INPROCEEDINGS{Aurelien2014,
  author={Ibanez, Aurelien and Bidaud, Philippe and Padois, Vincent},
  booktitle={2014 } #iros, 
  title={Emergence of humanoid walking behaviors from mixed-integer model predictive control}, 
  year={2014},
  volume={},
  number={},
  pages={4014-4021}}

  @ARTICLE{Smaldone2021FeasibilityDrivenSTA,
  author={Smaldone, Filippo M. and Scianca, Nicola and Lanari, Leonardo and Oriolo, Giuseppe},
  journal={IEEE Robotics and Automation Letters}, 
  title={Feasibility-Driven Step Timing Adaptation for Robust {MPC}-Based Gait Generation in Humanoids}, 
  year={2021},
  volume={6},
  number={2},
  pages={1582-1589},
  doi={10.1109/LRA.2021.3059627}
}

@ARTICLE{Khadiv2020,
  author={Khadiv, Majid and Herzog, Alexander and Moosavian, S. Ali. A. and Righetti, Ludovic},
  journal={IEEE } #tr, 
  title={Walking Control Based on Step Timing Adaptation}, 
  year={2020},
  volume={36},
  number={3},
  pages={629-643},
  doi={10.1109/TRO.2020.2982584}}

  @ARTICLE{Naveau2017,
  author={Naveau, M. and Kudruss, M. and Stasse, O. and Kirches, C. and Mombaur, K. and Souères, P.},
  journal={IEEE Robotics and Automation Letters}, 
  title={A Reactive Walking Pattern Generator Based on Nonlinear Model Predictive Control}, 
  year={2017},
  volume={2},
  number={1},
  pages={10-17},
  doi={10.1109/LRA.2016.2518739}}

  @INPROCEEDINGS{Bohorquez2018,
  author={Bohórquez, Néstor and Wieber, Pierre-Brice},
  booktitle={2018 } #iros, 
  title={Adaptive step rotation in biped walking}, 
  year={2018},
  volume={},
  number={},
  pages={720-725},
  doi={10.1109/IROS.2018.8594431}}

  @ARTICLE{Aceituno2018,
  author={Aceituno-Cabezas, Bernardo and Mastalli, Carlos and Dai, Hongkai and Focchi, Michele and Radulescu, Andreea and Caldwell, Darwin G. and Cappelletto, José and Grieco, Juan C. and Fernández-López, Gerardo and Semini, Claudio},
  journal={IEEE Robotics and Automation Letters}, 
  title={Simultaneous Contact, Gait, and Motion Planning for Robust Multilegged Locomotion via Mixed-Integer Convex Optimization}, 
  year={2018},
  volume={3},
  number={3},
  pages={2531-2538},
  doi={10.1109/LRA.2017.2779821}}

@inproceedings{Habib2022HandlingNonConvex,
  title={Handling Non-Convex Constraints in MPC-Based Humanoid Gait Generation},
  author={Habib, Andrew S and Smaldone, Filippo M and Scianca, Nicola and Lanari, Leonardo and Oriolo, Giuseppe},
  booktitle={2022 }#iros,
  pages={13167--13173},
  year={2022}
}

@INPROCEEDINGS{Ding2019IROS,
  author={Ding, Jiatao and Xiao, Xiaohui and Tsagarakis, Nikos},
  booktitle={2019 } #iros, 
  title={Nonlinear optimization of Step Duration and Step Location}, 
  year={2019},
  volume={},
  number={},
  pages={2259-2265},
  doi={10.1109/IROS40897.2019.8968229}}

  @article{Cipriano2023RAS,
title = {Humanoid motion generation in a world of stairs},
journal = {Robotics and Autonomous Systems},
volume = {168},
pages = {104495},
year = {2023},
issn = {0921-8890},
doi = {https://doi.org/10.1016/j.robot.2023.104495},
author = {Michele Cipriano and Paolo Ferrari and Nicola Scianca and Leonardo Lanari and Giuseppe Oriolo}
}

@inproceedings{Sugihara2002ICRA,
  author={Sugihara, T. and Nakamura, Y. and Inoue, H.},
  booktitle={2002 }#icra, 
  title={Real-time humanoid motion generation through {ZMP} manipulation based on inverted pendulum control}, 
  year={2002},
  volume={2},
  number={},
  pages={1404-1409}
}

@article{Afonso2020,
	author = {Afonso, Rubens J.M. and Maximo, Marcos R. O. A. and Galvão, Roberto K.H.},
	title = {Task allocation and trajectory planning for multiple agents in the presence of obstacle and connectivity constraints with mixed-integer linear programming},
	journal = {Int. Journal of Robust and Nonlinear Control},
	volume = {30},
	number = {14},
	pages = {5464-5491},
	year = {2020}
}

%% SWMR

@ARTICLE{Beglini2022TMECH,
  author={Beglini, Manuel and Belvedere, Tommaso and Lanari, Leonardo and Oriolo, Giuseppe},
  journal={IEEE/ASME Transactions on Mechatronics}, 
  title={An Intrinsically Stable MPC Approach for Anti-Jackknifing Control of Tractor-Trailer Vehicles}, 
  year={2022},
  volume={27},
  number={6},
  pages={4417-4428},
  doi={10.1109/TMECH.2022.3154295}
}

@inproceedings{Bjelonic2021IROS,
author = {Bjelonic, Marko and Grandia, Ruben and Harley, Oliver and Galliard, Cla and Zimmermann, Samuel and Hutter, Marco},
title = {Whole-Body MPC and Online Gait Sequence Generation for Wheeled-Legged Robots},
year = {2021},
publisher = {IEEE Press},
doi = {10.1109/IROS51168.2021.9636371},
booktitle = {2021 IEEE/RSJ International Conference on Intelligent Robots and Systems (IROS)},
pages = {8388–8395},
numpages = {8},
location = {Prague, Czech Republic}
}

@article{Bock1984MultipleShooting,
title = {{A Multiple Shooting Algorithm for Direct Solution of Optimal Control Problems}},
journal = {IFAC Proceedings Volumes},
volume = {17},
number = {2},
pages = {1603-1608},
year = {1984},
issn = {1474-6670},
doi = {https://doi.org/10.1016/S1474-6670(17)61205-9},
author = {H.G. Bock and K.J. Plitt},
}

@article{Campion1996TR,
  author={Campion, G. and Bastin, G. and Dandrea-Novel, B.},
  journal={IEEE Transactions on Robotics and Automation}, 
  title={Structural properties and classification of kinematic and dynamic models of wheeled mobile robots}, 
  year={1996},
  volume={12},
  number={1},
  pages={47-62},
  doi={10.1109/70.481750}
}


@article{Cherubini2019ACR,
  title={{A collaborative robot for the factory of the future: BAZAR}},
  author={Andrea Cherubini and Robin Passama and Benjamin Navarro and Mohamed Sorour and Abdellah Khelloufi and Osama Mazhar and Sonny Tarbouriech and Jihong Zhu and Olivier Tempier and Andr{\'e} Crosnier and Philippe Fraisse and Sofiane Ramdani},
  journal={The International Journal of Advanced Manufacturing Technology},
  year={2019},
  doi={10.1007/s00170-019-03806-y}
}

@article{Clavien2018ICRMotionControl,
author = {Clavien, Lionel and Lauria, Michel and Michaud, Fran\c{c}ois},
title = {{Instantaneous Centre of Rotation Based Motion Control for Omnidirectional Mobile Robots with Sidewards Off-Centred Wheels}},
year = {2018},
volume = {106},
number = {C},
issn = {0921-8890},
doi = {10.1016/j.robot.2018.03.014},
journal = {Robot. Auton. Syst.},
month = {aug},
pages = {58–68},
}

@article{Clavien2018EstimationoftheICR,
title = {Estimation of the instantaneous centre of rotation with nonholonomic omnidirectional mobile robots},
journal = {Robotics and Autonomous Systems},
volume = {106},
pages = {47-57},
year = {2018},
issn = {0921-8890},
doi = {https://doi.org/10.1016/j.robot.2018.03.009},
author = {Lionel Clavien and Michel Lauria and François Michaud},
}

@INPROCEEDINGS{Connette2008CDC,
  author={Connette, Christian P. and Pott, Andreas and Hagele, Martin and Verl, Alexander},
  booktitle={2008 47th IEEE Conference on Decision and Control}, 
  title={Control of an pseudo-omnidirectional, non-holonomic, mobile robot based on an ICM representation in spherical coordinates}, 
  year={2008},
  volume={},
  number={},
  pages={4976-4983},
  doi={10.1109/CDC.2008.4738958}
}

@INPROCEEDINGS{Ferland2010IROS,
  author={Ferland, François and Clavien, Lionel and Frémy, Julien and Létourneau, Dominic and Michaud, François and Lauria, Michel},
  booktitle={2010 IEEE/RSJ International Conference on Intelligent Robots and Systems}, 
  title={Teleoperation of AZIMUT-3, an omnidirectional non-holonomic platform with steerable wheels}, 
  year={2010},
  volume={},
  number={},
  pages={2515-2516},
  doi={10.1109/IROS.2010.5649041}
}


@article{Gros2020Fromlineartononlinear,
author = {Sébastien Gros and Mario Zanon and Rien Quirynen and Alberto Bemporad and Moritz Diehl},
title = {{From linear to nonlinear MPC: bridging the gap via the real-time iteration}},
journal = {International Journal of Control},
year  = {2020},
publisher = {Taylor & Francis},
doi = {10.1080/00207179.2016.1222553},
}

@article{Oriolo2002WMRControlDFL,
author = {Oriolo, Giuseppe and De Luca, Alessandro and Vendittelli, Marilena},
year = {2002},
title = {{WMR Control via Dynamic Feedback Linearization: Design, Implementation, and Experimental Validation}},
journal = {IEEE Transactions on Control Systems Technology},
doi = {10.1109/TCST.2002.804116}
}

@article{RobuffoGiordano2009ICRA,
  title={{On the Kinematic Modeling and Control of a Mobile Platform Equipped with Steering Wheels and Movable Legs}},
  author={Paolo Robuffo Giordano and Matthias Fuchs and Alin O. Albu-Sch{\"a}ffer and Gerd Hirzinger},
  journal={2009 IEEE International Conference on Robotics and Automation},
  year={2009},
}

@book{Rawlings2017MPCBook,
  title={Model Predictive Control: Theory, Computation, and Design},
  author={Rawlings, J.B. and Mayne, D.Q. and Diehl, M.},
  isbn={9780975937730},
  year={2017},
  publisher={Nob Hill Publishing}
}

@inproceedings{Sorour2016ICRA,
author = {Sorour, Mohamed and Cherubini, Andrea and Passama, Robin and Fraisse, Philippe},
title = {Kinematic modeling and singularity treatment of steerable wheeled mobile robots with joint acceleration limits},
year = {2016},
publisher = {IEEE Press},
url = {https://doi.org/10.1109/ICRA.2016.7487360},
doi = {10.1109/ICRA.2016.7487360},
booktitle = {2016 IEEE International Conference on Robotics and Automation (ICRA)},
pages = {2110–2115},
numpages = {6},
location = {Stockholm, Sweden}
}

@article{Sorour2017RAL,
  author={Sorour, Mohamed and Cherubini, Andrea and Fraisse, Philippe and Passama, Robin},
  journal={IEEE Robotics and Automation Letters}, 
  title={{Motion Discontinuity-Robust Controller for Steerable Mobile Robots}}, 
  year={2017},
  volume={2},
  number={2},
  pages={452-459},
  doi={10.1109/LRA.2016.2638466}}

@article{Sorour2019RAS,
title = {{Complementary-route based ICR control for steerable wheeled mobile robots}},
journal = {Robotics and Autonomous Systems},
year = {2019},
doi = {https://doi.org/10.1016/j.robot.2019.02.011},
author = {Mohamed Sorour and Andrea Cherubini and Abdellah Khelloufi and Robin Passama and Philippe Fraisse},
doi = {10.1016/j.robot.2019.02.011}
}

@InProceedings{Tarantos2023Springer,
author="Tarantos, Spyridon G.
and Oriolo, Giuseppe",
title={{A Dynamics-Aware NMPC Method for Robot Navigation Among Moving Obstacles}},
booktitle="Intelligent Autonomous Systems 17",
year="2023",
publisher="Springer Nature Switzerland",
pages="216--230",
isbn="978-3-031-22216-0"
}

@Article{Verschueren2021acados,
  Title                    = {acados -- a modular open-source framework for fast embedded optimal control},
  Author                   = {Robin Verschueren and Gianluca Frison and Dimitris Kouzoupis and Jonathan Frey and Niels van Duijkeren and Andrea Zanelli and Branimir Novoselnik and Thivaharan Albin and Rien Quirynen and Moritz Diehl},
  Journal                  = {Mathematical Programming Computation},
  Year                     = {2021},
  Doi                      = {10.1007/s12532-021-00208-8},
}

@inproceedings{Webb2013KinodynamicRRTstar,
title={{Kinodynamic RRT*: Asymptotically optimal motion planning for robots with linear dynamics}},
DOI={10.1109/icra.2013.6631299},
booktitle={2013 IEEE International Conference on Robotics and Automation},
publisher={IEEE},
author={Webb, Dustin J. and van den Berg, Jur},
year={2013}
}

@Inbook{Zanon2014Springer,
author="Zanon, Mario
and Frasch, Janick V.
and Vukov, Milan
and Sager, Sebastian
and Diehl, Moritz",
title={{Model Predictive Control of Autonomous Vehicles}},
bookTitle="Optimization and Optimal Control in Automotive Systems",
year="2014",
publisher="Springer International Publishing",
pages="41--57",
doi="10.1007/978-3-319-05371-4_3",
}
